@misc{dfrobotTB6600_Stepper_Motor_Driver_SKU__DRI0043DFRobot2023,
  title = {{{TB6600}}\_{{Stepper}}\_{{Motor}}\_{{Driver}}\_{{SKU}}\_\_{{DRI0043-DFRobot}}},
  author = {DFROBOT},
  year = {2023},
  month = dec,
  urldate = {2023-12-17},
  howpublished = {https://wiki.dfrobot.com/TB6600\_Stepper\_Motor\_Driver\_SKU\_\_DRI0043},
  file = {C:\Users\ber_k\Zotero\storage\B23A7BNH\TB6600_Stepper_Motor_Driver_SKU__DRI0043.html}
}

@misc{hagebauGAHALBERTSRundstange2023,
  title = {{{GAH ALBERTS Rundstange}}, {{Braun}}, {{Messing}} - Hagebau.De},
  author = {Hagebau},
  year = {2023},
  month = dec,
  urldate = {2023-12-17},
  howpublished = {https://www.hagebau.de/p/gah-alberts-rundstange-braun-messing-anP7000155175/},
  file = {C:\Users\ber_k\Zotero\storage\L3VS6VFV\gah-alberts-rundstange-braun-messing-anP7000155175.html}
}

@misc{Tronxy3DPrinter2023,
  title = {Tronxy {{3D Printer SL42STH40-1684A}} 1.{{8A 78Oz-in}} 42 {{Stepper Motor}}},
  year = {2023},
  month = dec,
  journal = {Tronxy Global Store},
  urldate = {2023-12-17},
  abstract = {Tronxy 3D Printer SL42STH40-1684A 1.8A 78Oz-in 42 Stepper Motor 3D printer SL42STH40-1684A 1.8A 78Oz-in 42 stepper motor TRONXY PRINTER accessories DIY kit for part Suit for: X5SA series/X5SA 400 series XY-2 PRO Series/XY-3 PRO Series D01 / D01 PLUS Series},
  howpublished = {https://tronxyglobal.com/products/tronxy-3d-printer-sl42sth40-1684a-1-8a-78oz-in-42-stepper-motor},
  langid = {english},
  file = {C:\Users\ber_k\Zotero\storage\74S4BZDC\tronxy-3d-printer-sl42sth40-1684a-1-8a-78oz-in-42-stepper-motor.html}
}
